<?xml version="1.0" encoding="UTF-8"?><collection xmlns="http://www.loc.gov/MARC21/slim"><record><leader>00375nam--2200145-i-4500</leader><controlfield tag="001">000042415</controlfield><controlfield tag="002">20161230</controlfield><controlfield tag="005">20161230201043</controlfield><controlfield tag="008">060222s1000------------r-----000-0-eng-d</controlfield><datafield ind1=" " ind2=" " tag="080"><subfield code="a">621.382.333</subfield></datafield><datafield ind1=" " ind2=" " tag="100"><subfield code="a">Sparkes,John J</subfield></datafield><datafield ind1=" " ind2=" " tag="245"><subfield code="a">Junction transistors</subfield></datafield><datafield ind1=" " ind2=" " tag="260"><subfield code="a">Oxford, Pergamon Press, 1966. Viii + 249 P</subfield></datafield><datafield ind1=" " ind2=" " tag="490"><subfield code="a">Appl.Electricity And Electronics</subfield></datafield><datafield ind1=" " ind2=" " tag="852"><subfield code="a">25060</subfield></datafield></record></collection>